<collection xmlns="http://www.loc.gov/MARC21/slim">
<record>
  <leader>01007nam0a2200229 i 450 </leader>
  <controlfield tag="001">IT\ICCU\CNCE\051576</controlfield>
  <controlfield tag="005">20061113000000.0</controlfield>
  <datafield tag="012" ind1=" " ind2=" ">
    <subfield code="a">o.o. i.le a*ne dipo (C) 1518 (R)</subfield>
    <subfield code="2">fei</subfield>
  </datafield>
  <datafield tag="100" ind1=" " ind2=" ">
    <subfield code="a">20010215d1518        0itac0103    ba</subfield>
  </datafield>
  <datafield tag="101" ind1=" " ind2=" ">
    <subfield code="a">ITA</subfield>
  </datafield>
  <datafield tag="102" ind1=" " ind2=" ">
    <subfield code="a">IT</subfield>
  </datafield>
  <datafield tag="200" ind1="1" ind2=" ">
    <subfield code="a">Egloga rusticale di Saluestra. Interlocutori Saluestra, Magagnino Ser Brogiotto, Giomo, Tantio, Meta, don Mariano, Formicone &amp; Togna</subfield>
  </datafield>
  <datafield tag="210" ind1=" " ind2=" ">
    <subfield code="e">Impresso in Siena</subfield>
    <subfield code="g">per Simione di Nicolo cartolaro</subfield>
    <subfield code="h">adi XXIIII di nouembre 1518</subfield>
  </datafield>
  <datafield tag="215" ind1=" " ind2=" ">
    <subfield code="a">\16! c.</subfield>
    <subfield code="d">8ʻ</subfield>
  </datafield>
  <datafield tag="620" ind1=" " ind2=" ">
    <subfield code="a">IT</subfield>
    <subfield code="d">Siena</subfield>
  </datafield>
  <datafield tag="712" ind1="0" ind2="0">
    <subfield code="a">Nardi, Simone</subfield>
    <subfield code="3">IT\ICCU\CNCT\000795</subfield>
    <subfield code="4">650</subfield>
  </datafield>
  <datafield tag="791" ind1="0" ind2="2">
    <subfield code="a">Simeon Rubeus</subfield>
    <subfield code="3">IT\ICCU\CNCT\002405</subfield>
    <subfield code="z">Nardi, Simone</subfield>
  </datafield>
  <datafield tag="791" ind1="0" ind2="2">
    <subfield code="a">Simeon Nicolai</subfield>
    <subfield code="3">IT\ICCU\CNCT\002406</subfield>
    <subfield code="z">Nardi, Simone</subfield>
  </datafield>
  <datafield tag="791" ind1="0" ind2="2">
    <subfield code="a">Symione di Niccholo cartolaio</subfield>
    <subfield code="3">IT\ICCU\CNCT\002407</subfield>
    <subfield code="z">Nardi, Simone</subfield>
  </datafield>
  <datafield tag="791" ind1="0" ind2="2">
    <subfield code="a">Simione di Niccolo</subfield>
    <subfield code="3">IT\ICCU\CNCT\005103</subfield>
    <subfield code="z">Nardi, Simone</subfield>
  </datafield>
  <datafield tag="801" ind1=" " ind2="3">
    <subfield code="a">IT</subfield>
    <subfield code="b">ICCU</subfield>
    <subfield code="c">20201115</subfield>
  </datafield>
  <datafield tag="899" ind1=" " ind2=" ">
    <subfield code="a">Biblioteca dell&apos;Accademia nazionale dei Lincei e Corsiniana. Roma</subfield>
    <subfield code="1">RM0418</subfield>
    <subfield code="2">RML 10</subfield>
  </datafield>
</record>
</collection>
